@inproceedings{1,
  title={Deep residual learning for image recognition},
  author={He, Kaiming and Zhang, Xiangyu and Ren, Shaoqing and Sun, Jian},
  booktitle={Proceedings of the IEEE conference on computer vision and pattern recognition},
  pages={770--778},
  year={2016}
}

@inproceedings{2,
  title={Batch normalization: Accelerating deep network training by reducing internal covariate shift},
  author={Ioffe, Sergey and Szegedy, Christian},
  booktitle={International Conference on Machine Learning},
  pages={448--456},
  year={2015}
}


@inproceedings{3,
  title={Identity mappings in deep residual networks},
  author={He, Kaiming and Zhang, Xiangyu and Ren, Shaoqing and Sun, Jian},
  booktitle={European Conference on Computer Vision},
  pages={630--645},
  year={2016},
  organization={Springer}
}

@article{4,
  title={Adam: A method for stochastic optimization},
  author={Kingma, Diederik and Ba, Jimmy},
  journal={arXiv preprint arXiv:1412.6980},
  year={2014}
}

@article{5,
  title={Gradient-based learning applied to document recognition},
  author={LeCun, Yann and Bottou, L{\'e}on and Bengio, Yoshua and Haffner, Patrick},
  journal={Proceedings of the IEEE},
  volume={86},
  number={11},
  pages={2278--2324},
  year={1998},
  publisher={IEEE}
}

@article{6,
  title={Deep multi-scale video prediction beyond mean square error},
  author={Mathieu, Michael and Couprie, Camille and LeCun, Yann},
  journal={arXiv preprint arXiv:1511.05440},
  year={2015}
}

@article{7,
  title={A Bayesian network approach to traffic flow forecasting},
  author={Sun, Shiliang and Zhang, Changshui and Yu, Guoqiang},
  journal={IEEE Transactions on intelligent transportation systems},
  volume={7},
  number={1},
  pages={124--132},
  year={2006},
  publisher={IEEE}
}

@inproceedings{8,
  title={Sequence to sequence learning with neural networks},
  author={Sutskever, Ilya and Vinyals, Oriol and Le, Quoc V},
  booktitle={Advances in neural information processing systems},
  pages={3104--3112},
  year={2014}
}

@inproceedings{9,
  title={How smart is your smartcard?: measuring travel behaviours, perceptions, and incentives},
  author={Lathia, Neal and Capra, Licia},
  booktitle={Proceedings of the 13th international conference on Ubiquitous computing},
  pages={291--300},
  year={2011},
  organization={ACM}
}

@article{10,
  title={Methodologies for cross-domain data fusion: An overview},
  author={Zheng, Yu},
  journal={IEEE transactions on big data},
  volume={1},
  number={1},
  pages={16--34},
  year={2015},
  publisher={IEEE}
}

@inproceedings{11,
  title={Imagenet classification with deep convolutional neural networks},
  author={Krizhevsky, Alex and Sutskever, Ilya and Hinton, Geoffrey E},
  booktitle={Advances in neural information processing systems},
  pages={1097--1105},
  year={2012}
}

@inproceedings{12,
  title={Fully convolutional networks for semantic segmentation},
  author={Long, Jonathan and Shelhamer, Evan and Darrell, Trevor},
  booktitle={Proceedings of the IEEE Conference on Computer Vision and Pattern Recognition},
  pages={3431--3440},
  year={2015}
}

@inproceedings{13,
  title={Supervised learning of image restoration with convolutional networks},
  author={Jain, Viren and Murray, Joseph F and Roth, Fabian and Turaga, Srinivas and Zhigulin, Valentin and Briggman, Kevin L and Helmstaedter, Moritz N and Denk, Winfried and Seung, H Sebastian},
  booktitle={Computer Vision, 2007. ICCV 2007. IEEE 11th International Conference on},
  pages={1--8},
  year={2007},
  organization={IEEE}
}

@inproceedings{14,
  title={EveryoneCounts: Data-driven digital advertising with uncertain demand model in metro networks},
  author={Zhang, Desheng and Jiang, Riiobing and Wang, Shiiai and Zhu, Yanmin and Yang, Bo and Cao, Jian and Zhang, Fan and He, Tian},
  booktitle={Big Data (Big Data), 2015 IEEE International Conference on},
  pages={898--907},
  year={2015},
  organization={IEEE}
}

@article{15,
  title={Modeling and forecasting vehicular traffic flow as a seasonal ARIMA process: Theoretical basis and empirical results},
  author={Williams, Billy M and Hoel, Lester A},
  journal={Journal of transportation engineering},
  volume={129},
  number={6},
  pages={664--672},
  year={2003},
  publisher={American Society of Civil Engineers}
}

@article{16,
  title={Combining Kohonen maps with ARIMA time series models to forecast traffic flow},
  author={Van Der Voort, Mascha and Dougherty, Mark and Watson, Susan},
  journal={Transportation Research Part C: Emerging Technologies},
  volume={4},
  number={5},
  pages={307--318},
  year={1996},
  publisher={Elsevier}
}

@article{17,
  title={Spectral basis neural networks for real-time travel time forecasting},
  author={Park, Dongjoo and Rilett, Laurence R and Han, Gunhee},
  journal={Journal of Transportation Engineering},
  volume={125},
  number={6},
  pages={515--523},
  year={1999},
  publisher={American Society of Civil Engineers}
}

<<<<<<< HEAD
=======
@inproceedings{18,
  title={Understanding individual and collective mobility patterns from smart card records: A case study in Shenzhen},
  author={Liu, Liang and Hou, Anyang and Biderman, Assaf and Ratti, Carlo and Chen, Jun},
  booktitle={Intelligent Transportation Systems, 2009. ITSC'09. 12th International IEEE Conference On},
  pages={1--6},
  year={2009},
  organization={IEEE}
}

>>>>>>> bd017bd6b8aa7e5822fa100cfe12d52184bfedc4
@article{19,
  title={Traffic flow prediction for road transportation networks with limited traffic data},
  author={Abadi, Afshin and Rajabioun, Tooraj and Ioannou, Petros A},
  journal={IEEE Transactions on Intelligent Transportation Systems},
  volume={16},
  number={2},
  pages={653--662},
  year={2015},
  publisher={IEEE}
}

@inproceedings{20,
  title={DNN-based prediction model for spatio-temporal data},
  author={Zhang, Junbo and Zheng, Yu and Qi, Dekang and Li, Ruiyuan and Yi, Xiuwen},
  booktitle={Proceedings of the 24th ACM SIGSPATIAL International Conference on Advances in Geographic Information Systems},
  pages={92},
  year={2016},
  organization={ACM}
}

@inproceedings{21,
  title={Feeder: supporting last-mile transit with extreme-scale urban infrastructure data},
  author={Zhang, Desheng and Zhao, Juanjuan and Zhang, Fan and Jiang, Ruobing and He, Tian},
  booktitle={Proceedings of the 14th International Conference on Information Processing in Sensor Networks},
  pages={226--237},
  year={2015},
  organization={ACM}
}
